<?xml version="1.0" encoding="UTF-8"?><record xmlns="http://www.loc.gov/MARC21/slim" xmlns:cinclude="http://apache.org/cocoon/include/1.0" xmlns:zs="http://www.loc.gov/zing/srw/">
  <leader>00673nz  a2200157n  4500</leader>
  <controlfield tag="001">nb2011016629</controlfield>
  <controlfield tag="003">DLC</controlfield>
  <controlfield tag="005">20110626074826.0</controlfield>
  <controlfield tag="008">110624n| acannaabn          |a aaa      </controlfield>
  <datafield tag="010" ind1=" " ind2=" ">
    <subfield code="a">nb2011016629</subfield>
  </datafield>
  <datafield tag="035" ind1=" " ind2=" ">
    <subfield code="a">(Uk)008178897</subfield>
  </datafield>
  <datafield tag="040" ind1=" " ind2=" ">
    <subfield code="a">Uk</subfield>
    <subfield code="b">eng</subfield>
    <subfield code="c">Uk</subfield>
  </datafield>
  <datafield tag="100" ind1="1" ind2=" ">
    <subfield code="a">Wrieden, Wendy L.</subfield>
  </datafield>
  <datafield tag="400" ind1="1" ind2=" ">
    <subfield code="a">Wrieden W. L.</subfield>
  </datafield>
  <datafield tag="670" ind1=" " ind2=" ">
    <subfield code="a">Estimation of red meat intakes from expenditure and food survey purchase data in the Scottish population, 2001-2006, 2010:</subfield>
    <subfield code="b">t.p. (Wendy L. Wrieden, Public Health Nutrition Research Group, Section of Population Health, University of Aberdeen)</subfield>
  </datafield>
  <datafield tag="670" ind1=" " ind2=" ">
    <subfield code="a">The influence of milk proteins on lipid oxidation in aqueous emulsion, 1980:</subfield>
    <subfield code="b">t.p. (W. L. Wrieden)</subfield>
  </datafield>
</record>